<?xml version="1.0" encoding="UTF-8"?><collection xmlns="http://www.loc.gov/MARC21/slim"><record><leader>00590nam--2200205-i-4500</leader><controlfield tag="001">000028822</controlfield><controlfield tag="002">20161230</controlfield><controlfield tag="005">20161230201037</controlfield><controlfield tag="008">060222s1000------------r-----000-0-eng-d</controlfield><datafield ind1=" " ind2=" " tag="040"><subfield code="a">IFIN-HH</subfield></datafield><datafield ind1=" " ind2=" " tag="080"><subfield code="a">539.126.6(047.3)</subfield></datafield><datafield ind1="1" ind2=" " tag="100"><subfield code="a">Kiehlmann, H.D</subfield></datafield><datafield ind1="1" ind2="0" tag="245"><subfield code="a">Superconvergence and the structure of the axial current vertices</subfield><subfield code="c">H.d. kiehlmann, w. schmidt</subfield></datafield><datafield ind1=" " ind2=" " tag="260"><subfield code="a">Karlsruhe</subfield><subfield code="b">Nstitut Fur Kernphysik</subfield><subfield code="c">1978</subfield></datafield><datafield ind1=" " ind2=" " tag="300"><subfield code="a">2 PARTI</subfield></datafield><datafield ind1="1" ind2=" " tag="700"><subfield code="a">Schmidt, W</subfield></datafield><datafield ind1="1" ind2=" " tag="787"><subfield code="a">Part I</subfield><subfield code="h">/Pag.Dif.</subfield></datafield><datafield ind1=" " ind2=" " tag="787"><subfield code="a">Part Ii</subfield><subfield code="h">18p.+2fig</subfield></datafield><datafield ind1=" " ind2=" " tag="852"><subfield code="a">29461</subfield><subfield code="c">539.12</subfield></datafield><datafield ind1=" " ind2=" " tag="CAT"><subfield code="a">Sys</subfield><subfield code="c">20111116</subfield><subfield code="h">164030</subfield></datafield></record></collection>